<record><leader>00000cas a22000007a 4500</leader><controlfield tag="001">9807247</controlfield><controlfield tag="008">830812d18711881nyuwr ne      0    0eng d</controlfield><datafield ind1=" " ind2=" " tag="010"><subfield code="a">sn 83031165 </subfield></datafield><datafield ind1=" " ind2=" " tag="040"><subfield code="a">NPU</subfield><subfield code="b">eng</subfield><subfield code="c">NPU</subfield><subfield code="d">NPX</subfield><subfield code="d">DLC</subfield><subfield code="d">NPY</subfield><subfield code="d">NYS</subfield><subfield code="d">OCLCQ</subfield><subfield code="d">YGM</subfield><subfield code="d">OCLCF</subfield><subfield code="d">OCLCO</subfield></datafield><datafield ind1="1" ind2=" " tag="029"><subfield code="a">AU@</subfield><subfield code="b">000024691917</subfield></datafield><datafield ind1=" " ind2=" " tag="042"><subfield code="a">msc</subfield></datafield><datafield ind1="0" ind2=" " tag="130"><subfield code="a">Genesee Valley free press (Wellsville, N.Y. : 1871)</subfield></datafield><datafield ind1="0" ind2="0" tag="245"><subfield code="a">Genesee Valley free press.</subfield></datafield><datafield ind1="3" ind2="0" tag="246"><subfield code="a">Genesee Valley farmer</subfield></datafield><datafield ind1="1" ind2="7" tag="246"><subfield code="a">Free press and farmer</subfield></datafield><datafield ind1=" " ind2=" " tag="260"><subfield code="a">Wellsville, N.Y. :</subfield><subfield code="b">Charles M. Beecher,</subfield><subfield code="c">1871-</subfield></datafield><datafield ind1=" " ind2=" " tag="300"><subfield code="a">v.</subfield></datafield><datafield ind1=" " ind2=" " tag="310"><subfield code="a">Weekly</subfield></datafield><datafield ind1="1" ind2=" " tag="362"><subfield code="a">Ceased in 1881.</subfield></datafield><datafield ind1="0" ind2=" " tag="362"><subfield code="a">Vol. 19, no. 1 (Jan. 4, 1871)- = whole no. 972-</subfield></datafield><datafield ind1=" " ind2=" " tag="500"><subfield code="a">Includes section entitled Genesee Valley farmer using separate volume numbering &lt;1879&gt;.</subfield></datafield><datafield ind1=" " ind2=" " tag="500"><subfield code="a">Published at Genesee, N.Y., &lt;May 3, 1871&gt;, and Belmont, N.Y., &lt;Jan. 22, 1879&gt;.</subfield></datafield><datafield ind1=" " ind2="4" tag="651"><subfield code="a">Wellsville (N.Y.)</subfield><subfield code="v">Newspapers.</subfield></datafield><datafield ind1=" " ind2="4" tag="651"><subfield code="a">Genesee (N.Y.)</subfield><subfield code="v">Newspapers.</subfield></datafield><datafield ind1=" " ind2="4" tag="651"><subfield code="a">Belmont (N.Y.)</subfield><subfield code="v">Newspapers.</subfield></datafield><datafield ind1=" " ind2="0" tag="650"><subfield code="a">American newspapers.</subfield></datafield><datafield ind1=" " ind2="0" tag="651"><subfield code="a">Genesee River Valley (Pa. and N.Y.)</subfield><subfield code="x">History</subfield><subfield code="x">Sources.</subfield></datafield><datafield ind1=" " ind2="7" tag="655"><subfield code="a">History.</subfield><subfield code="2">fast</subfield><subfield code="0">(OCoLC)fst01411628</subfield></datafield><datafield ind1=" " ind2="7" tag="655"><subfield code="a">Sources.</subfield><subfield code="2">fast</subfield><subfield code="0">(OCoLC)fst01423900</subfield></datafield><datafield ind1=" " ind2="7" tag="650"><subfield code="a">American newspapers.</subfield><subfield code="2">fast</subfield><subfield code="0">(OCoLC)fst00807293</subfield></datafield><datafield ind1=" " ind2="7" tag="651"><subfield code="a">United States</subfield><subfield code="z">Genesee River Valley.</subfield><subfield code="2">fast</subfield><subfield code="0">(OCoLC)fst01311273</subfield></datafield><datafield ind1=" " ind2=" " tag="752"><subfield code="a">United States</subfield><subfield code="b">New York</subfield><subfield code="c">Allegany</subfield><subfield code="d">Wellsville.</subfield></datafield><datafield ind1=" " ind2=" " tag="752"><subfield code="a">United States</subfield><subfield code="b">New York</subfield><subfield code="c">Allegany</subfield><subfield code="d">Genesee.</subfield></datafield><datafield ind1=" " ind2=" " tag="752"><subfield code="a">United States</subfield><subfield code="b">New York</subfield><subfield code="c">Allegany</subfield><subfield code="d">Belmont.</subfield></datafield><datafield ind1="0" ind2="0" tag="780"><subfield code="t">Wellsville free press</subfield><subfield code="w">(DLC)sn 88074067</subfield></datafield></record>